% Encoding: ISO-8859-1

@article{who_road_safety,
  author = {World Health Organization},
  title = {Global status report on road safety 2023},
  year = {2023},
  publisher = {World Health Organization},
  url = {https://www.who.int/publications/i/item/9789240061171}
}

@article{stocco2022mind,
  author = {Andrea Stocco and Brian Pulfer and Paolo Tonella},
  title = {Mind the Gap! A Study on the Transferability of Virtual vs Physical-world Testing of Autonomous Driving Systems},
  journal = {IEEE Transactions on Software Engineering},
  volume = {XY},
  number = {X},
  pages = {1--XY},
  year = {2022},
  publisher = {IEEE},
  doi = {10.1109/TSE.2022.XXXXXX},
  note = {Member, IEEE Computer Society}
}

@Comment{jabref-meta: databaseType:bibtex;}
